@book{pierce2002types,
    title={Types and programming languages},
    author={Pierce, Benjamin C},
    year={2002},
    publisher={MIT press}
}

@misc{akhin2021kotlin,
    title={Kotlin language specification},
    author={Akhin, Marat and Belyaev, Mikhail},
    year={2021}
}

@book{jemerov2017kotlin,
    title={Kotlin in action},
    author={Jemerov, Dmitry and Isakova, Svetlana},
    year={2017},
    publisher={Simon and Schuster}
}

@inproceedings{siek2007gradual,
    title={Gradual typing for objects},
    author={Siek, Jeremy and Taha, Walid},
    booktitle={ECOOP 2007--Object-Oriented Programming: 21st European Conference, Berlin, Germany, July 30-August 3, 2007. Proceedings 21},
    pages={2--27},
    year={2007},
    organization={Springer}
}

@inproceedings{pearce2013calculus,
    title={A calculus for constraint-based flow typing},
    author={Pearce, David J},
    booktitle={Proceedings of the 15th Workshop on Formal Techniques for Java-like Programs},
    pages={1--7},
    year={2013}
}

@inproceedings{chakravarty2005associated,
    title={Associated types with class},
    author={Chakravarty, Manuel MT and Keller, Gabriele and Jones, Simon Peyton and Marlow, Simon},
    booktitle={Proceedings of the 32nd ACM SIGPLAN-SIGACT symposium on Principles of programming languages},
    pages={1--13},
    year={2005}
}

@book{okasaki1999purely,
    title={Purely functional data structures},
    author={Okasaki, Chris},
    year={1999},
    publisher={Cambridge University Press}
}

@inproceedings{hannemann2002design,
    title={Design pattern implementation in Java and AspectJ},
    author={Hannemann, Jan and Kiczales, Gregor},
    booktitle={Proceedings of the 17th ACM SIGPLAN conference on Object-oriented programming, systems, languages, and applications},
    pages={161--173},
    year={2002}
}

@book{jones2016garbage,
    title={The garbage collection handbook: the art of automatic memory management},
    author={Jones, Richard and Hosking, Antony and Moss, Eliot},
    year={2016},
    publisher={CRC Press}
}

@article{lisman1995storage,
    title={Storage of 7$\pm$2 short-term memories in oscillatory subcycles},
    author={Lisman, John E and Idiart, Marco AP},
    journal={Science},
    volume={267},
    number={5203},
    pages={1512--1515},
    year={1995},
    publisher={American Association for the Advancement of Science}
}

@inproceedings{bierman2014understanding,
    title={Understanding typescript},
    author={Bierman, Gavin and Abadi, Mart{\'\i}n and Torgersen, Mads},
    booktitle={ECOOP 2014--Object-Oriented Programming: 28th European Conference, Uppsala, Sweden, July 28--August 1, 2014. Proceedings 28},
    pages={257--281},
    year={2014},
    organization={Springer}
}

@article{sanner1999python,
    title={Python: a programming language for software integration and development},
    author={Sanner, Michel F and others},
    journal={J Mol Graph Model},
    volume={17},
    number={1},
    pages={57--61},
    year={1999}
}

@article{ryu2016thistype,
    title={ThisType for object-oriented languages: From theory to practice},
    author={Ryu, Sukyoung},
    journal={ACM Transactions on Programming Languages and Systems (TOPLAS)},
    volume={38},
    number={3},
    pages={1--66},
    year={2016},
    publisher={ACM New York, NY, USA}
}

@inproceedings{liskov1987keynote,
    title={Keynote address-data abstraction and hierarchy},
    author={Liskov, Barbara},
    booktitle={Addendum to the proceedings on Object-oriented programming systems, languages and applications (Addendum)},
    pages={17--34},
    year={1987}
}

@inproceedings{cook1989inheritance,
    title={Inheritance is not subtyping},
    author={Cook, William R and Hill, Walter and Canning, Peter S},
    booktitle={Proceedings of the 17th ACM SIGPLAN-SIGACT symposium on Principles of programming languages},
    pages={125--135},
    year={1989}
}

@article{bruce1997increasing,
    title={Increasing Java's expressiveness with ThisType and match-bounded polymorphism},
    author={Bruce, Kim B},
    journal={Available on the author’s web page6},
    year={1997},
    publisher={Citeseer}
}

@inproceedings{saito2009matching,
    title={Matching ThisType to subtyping},
    author={Saito, Chieri and Igarashi, Atsushi},
    booktitle={Proceedings of the 2009 ACM symposium on Applied Computing},
    pages={1851--1858},
    year={2009}
}

@incollection{cardelli2005amber,
    title={Amber},
    author={Cardelli, Luca},
    booktitle={Combinators and Functional Programming Languages: Thirteenth Spring School of the LITP Val d'Ajol, France, May 6--10, 1985 Proceedings},
    pages={21--47},
    year={2005},
    publisher={Springer}
}

@inproceedings{bruce1993safe,
    title={Safe type checking in a statically-typed object-oriented programming language},
    author={Bruce, Kim B},
    booktitle={Proceedings of the 20th ACM SIGPLAN-SIGACT symposium on Principles of programming languages},
    pages={285--298},
    year={1993}
}

@inproceedings{bruce1997subtyping,
    title={Subtyping is not a good “match” for object-oriented languages},
    author={Bruce, Kim B and Petersen, Leaf and Fiech, Adrian},
    booktitle={ECOOP'97—Object-Oriented Programming: 11th European Conference Jyv{\"a}skyl{\"a}, Finland, June 9--13, 1997 Proceedings 11},
    pages={104--127},
    year={1997},
    organization={Springer}
}

@article{goodwill2015swift,
    title={The swift programming language},
    author={Goodwill, James and Matlock, Wesley and Goodwill, James and Matlock, Wesley},
    journal={Beginning Swift Games Development for iOS},
    pages={219--244},
    year={2015},
    publisher={Springer}
}

@misc{hutton1996monadic,
    title={Monadic parser combinators},
    author={Hutton, Graham and Meijer, Erik},
    year={1996}
}

@book{klabnik2023rust,
    title={The Rust programming language},
    author={Klabnik, Steve and Nichols, Carol},
    year={2023},
    publisher={No Starch Press}
}
